@misc{compliant, title={About Compliant Mechanisms}, url={https://www.compliantmechanisms.byu.edu/about-compliant-mechanisms}, journal={Compliant Mechanisms}, publisher={BYU Compliant Mechanisms Research Group}} 
@article{invention,
 ISSN = {21678472, 21678480},
 URL = {http://www.jstor.org/stable/43957291},
 author = {Larry L. Howell},
 journal = {BYU Studies Quarterly},
 number = {3},
 pages = {83--99},
 publisher = {Brigham Young University},
 title = {Anatomy of Invention},
 volume = {55},
 year = {2016},
 doi={10.2307/43957291}
}
@misc{wrench, url={http://3dfilaprint.com/project-update-9-compliant-mechanisms-printed-with-polyflex/}, journal={Project Update #9: Compliant mechanisms printed with PolyFlex!}, publisher={3D FilaPrint}, author={billyboyclyde}, year={2014}, month={May}} 
@article{functionallygradedmaterials, title={Optimal design of compliant mechanisms using functionally graded materials}, volume={57}, url={https://link.springer.com/article/10.1007/s00158-017-1744-y}, DOI={10.1007/s00158-017-1744-y}, number={1}, journal={Structural and Multidisciplinary Optimization}, author={Conlan-Smith, Cian and Bhattacharyya, Anurag and James, Kai A.}, year={2018}, pages={197–212}} 
 @article{hingedesign, title={Modeling and Design of Flexure Hinge-Based Compliant Mechanisms}, DOI={10.5772/intechopen.85224}, journal={Kinematics - Analysis and Applications}, author={Linß, Sebastian and Henning, Stefan and Zentner, Lena}, year={2019}, month={Apr}} 
@article{rotationalhinges,
author = {Kern, Dominik and Rösner, Malte and Bauma, Elisabeth and Seemann, Wolfgang and Lammering, Rolf and Schuster, Thomas},
url={https://www.researchgate.net/publication/263225114_Key_features_of_flexure_hinges_used_as_rotational_joints_Transition_from_concentrated_to_distributed_compliances},
year = {2013},
month = {12},
pages = {},
title = {Key features of flexure hinges used as rotational joints: Transition from concentrated to distributed compliances},
volume = {77},
journal = {Forschung im Ingenieurwesen},
doi = {10.1007/s10010-013-0169-z}
}
@article{CHANDRAN2016222,
title = {Mechanical fatigue of polymers: A new approach to characterize the SN behavior on the basis of macroscopic crack growth mechanism},
journal = {Polymer},
volume = {91},
pages = {222-238},
year = {2016},
issn = {0032-3861},
doi = {https://doi.org/10.1016/j.polymer.2016.03.058},
url = {https://www.sciencedirect.com/science/article/pii/S003238611630204X},
author = {K.S. Ravi Chandran}
}
@misc{elastomer, title={Elastomer}, url={https://en.wikipedia.org/wiki/Elastomer}, journal={Wikipedia}, publisher={Wikimedia Foundation}, year={2021}, month={Mar}} 
@Inbook{Bogdanovich2013,
author="Bogdanovich, Pavel N.
and Tkachuk, Denis V.",
editor="Wang, Q. Jane
and Chung, Yip-Wah",
title="Polymer Fatigue",
bookTitle="Encyclopedia of Tribology",
year="2013",
publisher="Springer US",
address="Boston, MA",
pages="2578--2585",
isbn="978-0-387-92897-5",
doi="10.1007/978-0-387-92897-5_818",
url="https://doi.org/10.1007/978-0-387-92897-5_818"
}
@misc{wiki, title={Compliant mechanism}, url={https://en.wikipedia.org/wiki/Compliant_mechanism}, journal={Wikipedia}, publisher={Wikimedia Foundation}, year={2021}, month={Mar}} 
@misc{fatigue, title={Fatigue (material)}, url={https://en.wikipedia.org/wiki/Fatigue_(material)}, journal={Wikipedia}, publisher={Wikimedia Foundation}, year={2021}, month={Mar}} 