@misc{compliant, title={Compliant Mechanisms Explained}, url={}}